@book{Chernoff_1972,
    title     = {Sequential Analysis and Optimal Design},
    ISBN      = {9780898710069},
    url       = {http://epubs.siam.org/doi/book/10.1137/1.9781611970593},
    DOI       = {10.1137/1.9781611970593},
    publisher = {Society for Industrial and Applied Mathematics},
    author    = {Chernoff, Herman},
    year      = {1972},
    month     = {Jan},
}

@article{Nash_1951,
    title   = {Non-Cooperative Games},
    volume  = {54},
    ISSN    = {0003-486X},
    url     = {https://www.jstor.org/stable/1969529},
    DOI     = {10.2307/1969529},
    number  = {2},
    journal = {Annals of Mathematics},
    author  = {Nash, John},
    year    = {1951},
    pages   = {286–295},
}

@article{Polyanskiy_Poor_Verdu_2010,
    title   = {Channel Coding Rate in the Finite Blocklength Regime},
    volume  = {56},
    ISSN    = {1557-9654},
    DOI     = {10.1109/TIT.2010.2043769},
    number  = {5},
    journal = {IEEE Transactions on Information Theory},
    author  = {Polyanskiy, Yury and Poor, H. Vincent and Verdu, Sergio},
    year    = {2010},
    month   = {May},
    pages   = {2307–2359},
}

@article{Shannon_1948,
    title   = {A mathematical theory of communication},
    volume  = {27},
    ISSN    = {0005-8580},
    DOI     = {10.1002/j.1538-7305.1948.tb01338.x},
    number  = {3},
    journal = {The Bell System Technical Journal},
    author  = {Shannon, C. E.},
    year    = {1948},
    month   = {Jul},
    pages   = {379–423},
}

@book{Wald_2004,
    title     = {Sequential Analysis},
    ISBN      = {9780486439129},
    publisher = {Courier Corporation},
    author    = {Wald, Abraham},
    year      = {2004},
    month     = {Jun},
}

@article{Zhang_2014,
    title   = {Bounded gaps between primes},
    volume  = {179},
    ISSN    = {0003-486X},
    url     = {https://www.jstor.org/stable/24522787},
    number  = {3},
    journal = {Annals of Mathematics},
    author  = {Zhang, Yitang},
    year    = {2014},
    pages   = {1121–1174},
}

@article{Stroock_Varadhan_1971,
    title   = {Diffusion processes with boundary conditions},
    volume  = {24},
    ISSN    = {00103640, 10970312},
    url     = {https://onlinelibrary.wiley.com/doi/10.1002/cpa.3160240206},
    DOI     = {10.1002/cpa.3160240206},
    number  = {2},
    journal = {Communications on Pure and Applied Mathematics},
    author  = {Stroock, Daniel W. and Varadhan, S. R. S.},
    year    = {1971},
    month   = {Mar},
    pages   = {147–225},
}

@misc{enumitem,
    title  = {{\ttfamily enumitem} -- Control layout of itemize, enumerate, description},
    url    = {https://ctan.org/pkg/enumitem},
    author = {López, Javier Bezos},
    year   = {2019},
}

@misc{booktabs,
    title  = {{\ttfamily booktabs} -- Publication quality tables in {\LaTeX}},
    url    = {https://ctan.org/pkg/booktabs},
    author = {Els, Danie},
    year   = {2020},
}

@misc{array,
    title  = {{\ttfamily array} -- Extending the array and tabular environments},
    url    = {https://ctan.org/pkg/array},
    author = {The \LaTeX\ Team and Mittelbach, Frank},
    year   = {2021},
}

@misc{xcolor,
    title  = {Driver-independent color extensions for {\LaTeX} and {pdf\LaTeX}},
    url    = {https://ctan.org/pkg/xcolor},
    author = {The \LaTeX\ Team and Dr. Uwe Kern},
    year   = {2021},
}

@misc{thmtools,
    title  = {{\ttfamily thmtools} -- Extensions to theorem environments},
    url    = {https://ctan.org/pkg/thmtools},
    author = {Chou, Yukai},
    year   = {2020},
}

@misc{glossaries,
    title  = {{\ttfamily glossaries} -- Create glossaries and lists of acronyms},
    url    = {https://ctan.org/pkg/glossaries},
    author = {Talbot, Nicola},
    year   = {2021},
}

@misc{subcaption,
    title  = {{\ttfamily subcaption} -- subcaption – Support for sub-captions},
    url    = {https://ctan.org/pkg/subcaption},
    author = {Sommerfeldt, Axel},
    year   = {2020},
}

@misc{multirow,
    title  = {{\ttfamily multirow} -- Create tabular cells spanning multiple rows},
    url    = {https://ctan.org/pkg/multirow},
    author = {Pieter van Oostrum},
    year   = {2020},
}

@misc{nomencl,
    title  = {{\ttfamily nomencl} -- Produce lists of symbols as in nomenclatur},
    url    = {https://ctan.org/pkg/nomencl},
    author = {Veytsman, Boris and Shandl, Bernd and Netherton, Lee and Radhakrishnan, CV},
    year   = {2021},
}
