@article{ab54,
	author = {Author A and Author B},
	title = {Nothing},
	year = {1954},
	journal = {Journal C},
	volume = {2},
	pages = {14-15}
}
@book{d92,
	author = {Author D},
	title = {Book {E}},
	year = {1492},
	publisher = {Publisher F},
	address = {Address G}
}
